@book{wickham2014advanced,
  title={Advanced R},
  author={Wickham, Hadley},
  year={2014},
  publisher={CRC Press}
}

@article{mccullough2008accuracy,
  title={On the accuracy of statistical procedures in Microsoft Excel 2007},
  author={McCullough, Bruce D and Heiser, David A},
  journal={Computational Statistics \& Data Analysis},
  volume={52},
  number={10},
  pages={4570--4578},
  year={2008},
  publisher={Elsevier}
}

@article{yalta2008accuracy,
  title={The accuracy of statistical distributions in Microsoft{\textregistered} Excel 2007},
  author={Yalta, A Talha},
  journal={Computational Statistics \& Data Analysis},
  volume={52},
  number={10},
  pages={4579--4586},
  year={2008},
  publisher={Elsevier}
}

@article{almiron2009,
author = "Almiron, Marcelo G. and Almeida, Eliana S. and Miranda, Marcio N.",
doi = "10.1214/08-BJPS017",
fjournal = "Brazilian Journal of Probability and Statistics",
journal = "Braz. J. Probab. Stat.",
month = "12",
number = "2",
pages = "107--119",
publisher = "Brazilian Statistical Association",
title = "The reliability of statistical functions in four software packages freely used in numerical computation",
url = "http://dx.doi.org/10.1214/08-BJPS017",
volume = "23",
year = "2009"
}


@book{keller2000applied,
  title={Applied statistics with microsoft excel},
  author={Keller, Gerald},
  year={2000},
  publisher={Duxbury}
}

@article{keeling2007comparative,
  title={A comparative study of the reliability of nine statistical software packages},
  author={Keeling, Kellie B and Pavur, Robert J},
  journal={Computational Statistics \& Data Analysis},
  volume={51},
  number={8},
  pages={3811--3831},
  year={2007},
  publisher={Elsevier}
}
